@ARTICLE{Smith2006,
  author = {Sammuel Smith},
  title = {How to write a dissertation},
  journal = {Fake Journal},
  year = {2006},
  volume = {1},
  pages = {1--5},
}

@INPROCEEDINGS{Jones1998,
  author = {Jessica Jones},
  title = {Creating beautiful graphs},
  booktitle = {Proceedings of the Conference on Drawing Graphs},
  year = {1998},
  pages = {4--6},
  address = {Some Location, Some Country},
  publisher = {Some Publisher},
}
